2002 3006
281 163 299 204 t

264 163 412 283 mihi
451 247 562 284 nou
581 229 696 284 alio
718 231 892 304 magis
923 231 1282 288 incitamento
1313 228 1382 288 ad
1430 249 1656 289 omnem
1692 232 1884 289 Divini

266 306 466 360 Cultus
499 309 769 362 rationem
804 307 1192 381 proferendam
1241 308 1598 366 exardescunt
1627 349 1641 376 ,
1674 310 1885 384 quam.)
1927 346 1941 354 -
1997 350 2002 385 3

261 385 360 438 illo
400 385 528 456 igne
562 381 664 438 suis
696 384 965 440 mentibus
1001 388 1220 460 penitus
1253 385 1414 442 instro
1447 426 1464 454 ,
1516 393 1570 441 δε
1603 390 1884 460 ingenera-

271 477 366 526 to,
407 478 524 533 quo
555 459 863 516 suavissime
899 460 1007 537 ipsi*
1030 463 1427 529 incenduntur3
1471 464 1540 518 ad
1575 482 1699 518 eum
1723 464 1886 537 plane

268 534 502 593 modum
525 542 741 592 CAROLI
759 539 1205 604 animuS,eximio
1222 544 1484 596 virtutum
1503 544 1754 595 omnium
1777 538 1885 594 stu-

263 615 361 668 dio
393 613 638 668 incensus
671 613 782 690 ipse
799 654 815 681 ,
847 621 902 668 &
923 615 1299 684 inflammatus
1321 618 1389 671 ad
1412 619 1712 690 Religionis
1733 657 1748 683 ‚
1768 620 1819 672 Pi
1834 636 1888 670 e-

263 688 501 765 tatilcjue
517 690 766 746 ardorem
783 691 988 768 ubique
1005 694 1381 748 collatandum
1399 735 1412 760 ,
1457 694 1524 749 ad
1540 710 1620 748 tot
1643 693 1886 749 lauditis-

268 765 498 822 fiffimas
517 770 686 823 Coelo
702 767 1141 843 transcriptarum
1158 774 1408 843 gentium
1428 770 1710 845 praeda5‚&
1733 773 1886 825 lucra

265 844 640 917 conquirenda
675 844 1057 901 redundabat.
1104 850 1333 901 Utinam
1379 847 1682 903 secretiores
1723 849 1885 920 Regii

264 923 558 976 Conclavis
574 920 794 978 secessus
813 942 826 990 ·,
847 926 1183 979 Utinam‘tot
1206 928 1463 998 Templa,
1483 941 1566 980 tot
1585 924 1778 979 divinis
1796 924 1888 979 be-

261 997 468 1053 nefieiis
489 998 977 1073 inprimisillustria
996 1002 1308 1056 Sanf'tuaria
1327 1020 1534 1057 narrare
1555 998 1766 1075 possent
1804 1020 1888 1056 ar·
1916 1068 1928 1075 ,
1994 1028 2002 1078 j

261 1073 611 1131 dentissimas
631 1080 750 1131 illas
771 1096 951 1151 preces
971 1116 986 1143 ‚
1030 1082 1085 1130 &
1108 1095 1234 1132 vota
1251 1117 1264 1142 ‚
1307 1078 1503 1151 quibus
1524 1082 1884 1151 Regnorum)

263 1151 489 1207 suorum
508 1155 964 1219 incolumitatem,
981 1152 1191 1210 assidu&
1208 1154 1276 1208 ad
1300 1159 1485 1210 Deum
1501 1194 1517 1222 ,
1543 1154 1886 1231 Coelitesque

260 1229 661 1303 supplicatione
687 1229 979 1285 sustinebat
996 1275 1008 1282 .
1038 1231 1192 1308 Qid
1210 1248 1396 1286 autem
1420 1232 1507 1287 hic
1526 1231 1772 1307 pluribus
1791 1251 1886 1287 ex-

260 1310 453 1361 ornem
474 1307 743 1362 illibatam
765 1310 918 1362 illam
940 1310 1058 1362 vitae
1076 1348 1090 1372 ‚
1134 1307 1469 1383 morumque
1487 1311 1882 1382 integritatem,

257 1383 367 1457 qua
406 1383 479 1438 ita
502 1385 688 1439 omnia
724 1382 793 1438 ad
810 1382 1275 1458 religiosissimam
1307 1389 1515 1441 virtutis
1530 1384 1882 1460 praescriptio-

257 1478 388 1515 nem
410 1464 593 1533 exegit
612 1500 626 1526 ,
645 1479 705 1515 ut
724 1464 938 1516 animus
955 1478 1084 1516 tunc
1103 1465 1223 1517 veri²
1239 1502 1255 1528 ,
1274 1462 1629 1537 maximeque
1649 1465 1875 1535 Regius,

257 1536 392 1591 nihil
427 1540 603 1608 magis
635 1554 898 1594 metueret
919 1577 934 1603 ‚
977 1537 1093 1591 imo
1112 1539 1166 1593 id
1186 1542 1342 1594 unice
1361 1538 1743 1594 reformidaret
1763 1578 1778 1605 ‚
1820 1543 1881 1593 δε.

255 1612 681 1687 perhorresceret
699 1655 713 1680 ,
755 1634 821 1668 ne
841 1615 948 1668 ulla
968 1633 1238 1687 umquam
1257 1618 1490 1671 criminis
1506 1617 1626 1670 labe
1647 1614 1880 1689 despon-

255 1689 370 1744 sam
404 1691 726 1746 innocentiae
763 1707 1005 1746 mentem
1039 1690 1422 1763 adstringeret!
1467 1692 1619 1766 Qid
1648 1692 1879 1747 referam
1917 1722 1930 1732 ·
1999 1745 2002 1752 ,

256 1766 426 1837 quam
448 1766 807 1840 obsequenter
822 1806 837 1833 ,
880 1766 1249 1843 submisseque
1278 1767 1328 1823 se
1359 1768 1601 1840 gefferit,
1644 1769 1876 1841 quanta-

256 1842 376 1917 (jue
401 1841 738 1899 observantia
774 1846 1077 1899 excoluerit
1109 1851 1389 1901 Parentem
1422 1844 1573 1899 suam
1610 1850 1874 1900 MARIAN-

253 1935 376 1974 NAM
393 1958 407 1984 ‚
450 1922 724 1994 Reginam
743 1921 811 1976 ad
829 1923 1019 1975 omnia
1039 1925 1298 1977 virtutum
1317 1925 1567 1994 exempla
1590 1925 1833 1994 genitam
1854 1962 1871 1990 ,

256 2002 314 2052 &
335 1996 491 2069 supra
512 2000 699 2052 omnia
734 1997 962 2052 laudum
982 2002 1252 2072 praeconia
1293 1999 1324 2054 a
1342 1996 1549 2052 coelesti
1584 1997 1865 2071 quadam-a

257 2077 376 2129 vitae
395 2077 607 2128 ratione
628 2073 862 2149 susceptfi
886 2077 1239 2130 collocatam?
1283 2075 1432 2150 Qid
1453 2074 1678 2129 demum
1694 2074 1870 2149 perse-

257 2169 397 2223 quar
416 2189 431 2216 ‚
452 2156 731 2205 Sacrarurn
754 2169 930 2206 rerum
956 2151 1252 2217 Antistites,
1271 2149 1525 2226 virosque
1542 2151 1732 2206 divinis
1754 2169 1877 2228 my-

256 2225 428 2282 steriis
449 2229 687 2282 initiatos
720 2228 834 2282 tam
852 2226 1155 2281 honorifice
1173 2266 1188 2293 ‚
1231 2226 1497 2303 tantaque
1524 2228 1709 2302 palam
1726 2247 1873 2284 reve-

254 2303 426 2360 rentii}
449 2303 793 2378 prosecutum
812 2301 980 2370 fuisse,
997 2321 1058 2359 ut
1072 2306 1178 2360 illis
1193 2303 1617 2360 deosculandam
1637 2303 1704 2358 de
1717 2322 1873 2363 more

250 2398 478 2436 manum
499 2383 792 2455 porrigere,
808 2380 1050 2454 quadam
1073 2383 1245 2436 taetus
1263 2381 1883 2454 Religionessefugeret?

251 2456 342 2511 Ad
361 2456 498 2513 illud
518 2461 676 2512 venio
698 2463 941 2513 Fortunae
968 2455 1253 2513 Austriacae
1271 2456 1621 2512 certissimum
1640 2461 1864 2531 pignus,

251 2536 308 2587 ὃς
333 2532 365 2588 ὲ
383 2537 569 2593 multis
585 2533 786 2593 saeculis
807 2551 1085 2612 receptum
1102 2533 1406 2609 praefidium
1423 2574 1440 2602 ,
1483 2535 1721 2665 Epululpi
1753 2540 1871 2621 'Eu-

1611 2629 1642 2666 c
1689 2629 1792 2667 ari-
