2002 3006
1596 189 1616 227 1
1636 185 1667 245 3
1688 232 1694 239 ,

66 255 214 313 {ione
233 255 398 312 latius
413 254 697 331 proferunt
713 297 728 324 ‚
750 254 1143 333 explicantque
1161 296 1173 310 .
1218 254 1335 326 Ego
1355 250 1507 319 verb,
1527 251 1565 306 fi
1584 269 1694 308 totv

61 331 290 409 tamcjue
309 337 559 408 praeclara
582 339 802 391 Pietatis
839 352 942 390 tuae
959 373 974 401 ,
1024 338 1145 389 Rex
1179 335 1409 386 CAROLE
1430 370 1444 396 ,
1486 348 1690 385 monu-

63 427 250 465 menta
286 428 395 464 non
411 409 592 467 dicam
629 409 814 467 efferre
833 410 1191 476 exornando,
1232 407 1323 464 sed
1355 403 1689 461 recensendo

62 485 313 563 persequi
335 490 532 542 vellem
553 529 568 556 ,
588 492 642 543 in
662 490 778 544 tam
796 490 1048 562 amplum
1068 505 1156 543 me
1172 526 1187 553 ‚
1231 480 1521 558 latumque
1539 501 1689 538 cam-

66 581 202 639 pum
222 566 547 631 conjicerem
565 604 581 632 ,
622 567 795 640 quam
812 564 932 620 sunt
951 569 1143 639 Regna
1158 604 1175 631 ‚
1207 560 1406 637 quibus
1425 578 1552 614 cum
1576 563 1685 614 Im·

66 643 219 715 perio
250 639 526 714 praefuisti,
559 646 830 708 omnium,
847 639 970 716 post
1001 640 1292 696 hominum
1325 637 1679 702 memoriam,

66 718 230 789 longe
254 716 790 774 latissima.Dieerem
810 722 865 774 in
882 715 1497 774 immensosAmericani
1517 712 1680 768 Orbis

61 795 261 849 trastus
286 798 600 850 Romanam
621 797 973 868 Religionem
989 794 1020 850 ὲ
1038 810 1110 861 te,
1129 810 1224 849 aut
1241 789 1503 863 indagine
1522 788 1680 863 supra

60 868 231 926 fidem
251 871 515 926 laboriosa
534 913 549 938 ‚
571 889 809 928 recenter
834 873 1126 937 institam,
1168 885 1263 925 aut
1296 868 1454 922 novis
1473 865 1679 940 ubique

58 950 313 1022 Templis
331 987 347 1013 ‚
391 965 558 1022 atque
577 950 825 1005 Sacrariis
842 950 1089 1004 excitatis
1104 941 1501 1021 amplificatam
1519 982 1536 1008 ³
1578 958 1676 998 aut

17 1068 24 1075 .
55 1043 151 1099 per
176 1022 548 1081 incredibilem
581 1028 697 1080 auri
712 1023 1119 1100 profusionem,
1159 1022 1332 1078 austis
1363 1017 1675 1094 Religioso-

52 1119 175 1155 rum
196 1101 492 1157 hominum
511 1101 728 1157 caetibus
746 1142 762 1168 ‚
792 1105 889 1177 qui
903 1102 974 1156 ad
992 1101 1152 1156 rudes
1169 1098 1410 1174 populos
1428 1096 1673 1152 erudien-

49 1176 150 1233 dos
180 1196 523 1233 excurrerent
542 1219 558 1246 ,
599 1177 905 1234 firmissime
934 1181 991 1233 in
1025 1175 1307 1235 Posterum
1338 1170 1672 1229 stabilitam-

0 1286 2 1305 i
49 1259 565 1310 Commemorarem
584 1296 601 1323 ,
619 1258 726 1332 pro'
754 1256 847 1322 ea,
888 1254 998 1330 qua
1032 1251 1280 1331 pollebas
1311 1250 1486 1325 gratia
1517 1248 1670 1324 apud

48 1337 304 1387 Summos
324 1330 612 1388 Pontifices
629 1372 644 1399 ‚
663 1333 911 1408 Princeps
934 1329 1264 1406 Apostolicae
1286 1326 1406 1382 Sedi
1424 1329 1479 1381 in
1498 1345 1666 1382 omne

44 1424 263 1482 tempus
283 1407 663 1475 addiffissime‚
682 1411 858 1464 enixis
876 1408 1121 1483 precibus
1137 1446 1153 1473 ,
1173 1410 1228 1460 &
1247 1402 1466 1460 summo
1486 1401 1666 1458 studio

44 1501 97 1543 te
117 1483 447 1540 contendisse
467 1524 481 1551 ,
507 1503 566 1541 ut
584 1502 668 1541 tot
683 1484 892 1540 coelesti
909 1487 1046 1540 inter
1069 1483 1326 1540 mortales
1342 1484 1540 1537 virtute
1558 1479 1666 1536 ful-

40 1578 232 1638 gentes
250 1564 366 1616 Viri
387 1565 663 1618 Coclitum
685 1560 848 1617 Fastis
865 1601 882 1628 ,
922 1560 1134 1637 ariscjue
1158 1560 1664 1632 reciperentur32ut

41 1637 516 1713 prolixioriisdem
548 1639 799 1694 &diurnis
835 1644 1123 1694 Sacrorum
1154 1636 1453 1694 hominum
1487 1633 1664 1708 preci-'

42 1715 142 1770 bus
163 1754 180 1781 ,
220 1720 278 1768 ὅ(
298 1720 380 1771 Re
399 1715 582 1770 divina
603 1719 780 1770 honor
811 1714 1154 1770 accresceret.
1199 1710 1659 1768 Concelebrarem

39 1787 267 1847 effusum
288 1795 528 1865 Regium
551 1794 839 1859 AErarium,
869 1807 965 1847 aut
979 1788 1181 1847 alendo
1214 1790 1456 1844 Turcico
1472 1785 1622 1841 bello
1640 1825 1659 1854 ‚

35 1886 130 1924 aut
162 1867 558 1943 perfringendae
589 1870 960 1942 improbitati,
991 1873 1259 1924 Romanae
1279 1860 1519 1919 Ecclefiae
1537 1883 1657 1938 per-

36 1944 306 2001 duellium
341 1965 356 2013 3
402 1950 520 2002 Tot
550 1947 754 2000 erestos
784 1942 1285 2001 honestissimarum
1316 1943 1648 2015 virginum)

35 2025 402 2079 Parthenones
419 2062 434 2089 ,
478 2021 804 2078 validissima
823 2026 1162 2078 munimenta
1180 2019 1394 2075 tuendae
1412 2020 1651 2090 Virgini-

31 2102 158 2154 tati:
204 2103 321 2153 Tot
337 2099 556 2154 condita
578 2097 866 2173 Religiofis
880 2097 1108 2155 familiis
1135 2097 1398 2153 coenobia
1415 2133 1431 2160 ,
1472 2095 1541 2148 ad
1561 2113 1651 2149 ca-

29 2173 345 2249 peffendam
375 2177 802 2233 immortalitatis
823 2194 1015 2231 curam
1046 2173 1311 2231 tutissima
1329 2170 1647 2249 perfugia-‚2

28 2256 148 2306 Tot
163 2251 231 2306 ab
249 2252 512 2306 erroribus
529 2256 582 2306 in
602 2255 978 2327 Septentrione
1004 2249 1358 2326 grassantibus
1375 2248 1646 2317 vindicat}

17 2332 90 2404 Ju
102 2332 305 2383 venturi
326 2368 340 2393 ,
388 2345 482 2385 aut
503 2328 674 2402 polita
694 2367 708 2393 ,
729 2347 824 2384 aut
842 2326 1262 2402 opulentissimis
1282 2324 1637 2402 proventibus

27 2405 186 2459 aucta
205 2404 469 2478 Ephebaea
498 2443 514 2471 ‚
549 2405 621 2459 ad
636 2406 1037 2461 retundendam
1057 2407 1451 2461 Haereticorum
1470 2401 1643 2456 auda-

26 2483 168 2534 ciam
190 2480 574 2538 munitissimas
590 2500 734 2536 arces
750 2521 765 2547 ,
787 2489 841 2537 ἃ.
866 2486 1278 2557 propugnacula
1296 2524 1308 2537 .
1352 2476 1642 2557 Qemad-

28 2556 268 2615 mudum
286 2574 473 2619 autem
503 2556 772 2616 Coelestcs
798 2562 878 2618 illi
896 2561 1145 2636 Supremi
1173 2560 1434 2621 Numinis
1457 2556 1641 2687 ‚astdrni-

1414 2652 1469 2690 m
1520 2649 1566 2688 n
