2002 3006
198 226 219 268 1
236 225 273 266 Ο
620 261 622 263 .
895 264 900 271 ,

186 285 508 363 Ιυέὶιιηιᾷιιε
524 284 915 359 graviffimum
935 283 1249 344 solarentur.
1271 282 1596 359 Praecepistis
1611 285 1797 341 animo

183 367 622 442 appellationem
639 366 796 418 illam
814 364 982 435 longe
1002 362 1417 430 nobiliffimam,
1436 359 1673 434 eamc'jue
1690 366 1808 434 per-

187 443 379 515 magni
399 439 781 494 aestimandam
800 442 1053 514 gentium
1069 444 1329 496 omnium
1350 437 1574 496 vocibus
1590 476 1605 502 ,
1627 434 1808 492 Orbis-

188 518 299 595 (lue
337 513 635 573 Christiani
675 513 911 582 universi
942 515 1331 585 asseveratione
1368 555 1383 583 ‚
1425 518 1522 590 qui
1558 518 1809 586 Regem.»

187 603 470 650 CAROLuM
492 632 507 658 ,
535 596 756 665 Regem
780 593 1111 664 Angelicum
1132 589 1242 647 non
1264 591 1438 648 modo
1459 590 1653 665 paffim
1669 590 1814 645 dice-

186 692 273 740 re3
312 670 404 726 sed
423 669 608 742 palam
628 666 911 743 praedicare
925 705 942 733 ,
968 667 1347 724 testimonium
1370 665 1473 722 effe
1488 666 1648 722 duxit
1664 707 1680 733 ,
1700 685 1814 721 non

188 748 530 803 assentationi
550 784 566 811 ,
596 761 658 798 ut
677 741 866 798 assolet
883 782 898 810 ,
917 741 1006 798 sed
1039 744 1341 818 praestitum
1377 746 1605 800 Veritati
1627 788 1638 798 .
1678 746 1811 797 Non

190 829 356 900 igitur
373 822 448 876 ad
462 838 684 876 tenuem
706 819 882 886 hunc,
906 819 1226 895 exilemque
1247 820 1540 876 modulum
1561 820 1814 874 humanae

191 902 450 979 potentiae
485 896 897 953 conformatam
921 936 938 963 ‚
980 917 1095 952 non
1132 901 1465 953 coarctatam
1498 900 1633 951 inter
1656 896 1818 949 nimis

191 975 458 1052 angustos
473 976 744 1030 cancellos
759 976 1414 1033 mortaliumTitulorum
1435 1014 1449 1040 ,
1473 992 1615 1047 quos
1637 971 1821 1026 nostra

196 1056 377 1112 solum
397 1050 670 1127 cupiditas
687 1090 704 1119 ‚
730 1055 804 1117 ,ὃς
823 1051 1121 1120 admiratio
1143 1068 1375 1124 magnos
1392 1051 1523 1106 facit
1541 1090 1557 1115 ,
1574 1048 1815 1103 honora-

196 1136 335 1189 riam
354 1131 838 1203 Nuncupationem
856 1126 1008 1182 suam
1028 1126 1817 1198 nancisciturCARoLuS‚quam

194 1229 265 1265 ex
280 1205 542 1262 altiffimo
564 1207 869 1261 Domicilio
885 1244 900 1271 ,
943 1204 1258 1279 Regnoc'lue
1274 1206 1709 1260 immortalitatis
1728 1221 1815 1256 ac-

197 1284 354 1343 cerfit
370 1323 386 1351 ,
425 1300 509 1349 ut,
528 1286 679 1352 cujus
702 1284 854 1337 nulla
870 1300 992 1356 pars
1008 1285 1130 1336 vitae
1146 1281 1453 1356 quidquam
1481 1280 1671 1335 habuit
1687 1295 1818 1333 cum

194 1369 377 1419 Terrae
396 1358 642 1415 sordibus
661 1399 677 1424 ,
695 1377 861 1433 atque
877 1361 1225 1413 concretione
1239 1377 1556 1423 commune,
1571 1352 1817 1424 ejusdem

194 1441 283 1495 vel
303 1439 541 1493 nomInis
566 1434 774 1510 insigne
791 1474 806 1502 ,
850 1441 911 1489 &
931 1438 1344 1490 monimentum
1366 1437 1394 1491 ὲ
1411 1437 1582 1491 Coelo
1598 1432 1778 1488 soltim
1793 1471 1811 1499 ‚

194 1521 254 1572 &
276 1513 556 1590 purissima
576 1515 668 1567 illa
685 1515 807 1567 luce
822 1511 1183 1567 descenderet.
1203 1516 1283 1567 Ut
1298 1528 1489 1567 autem
1506 1508 1817 1577 comestura

200 1590 389 1666 aliqua
406 1591 631 1665 capiatis
648 1589 822 1664 quam
838 1588 1085 1644 absolu-te
1108 1627 1124 1654 ‚
1138 1587 1534 1663 cumulateque
1553 1592 1818 1642 CAROLUS

193 1671 355 1727 suum
389 1670 557 1740 Regis
593 1667 843 1740 Angelici
885 1681 1325 1739 cognomentum
1362 1667 1670 1739 impleverit
1686 1703 1703 1729 ,
1743 1660 1818 1717 ad

194 1761 406 1804 mentes
425 1744 625 1810 illasab
646 1744 798 1797 omni
818 1757 1112 1815 corporum
1149 1739 1493 1796 admixtione
1504 1739 1815 1814 segregatas

194 1823 561 1895 cogitationes
588 1818 791 1875 vestras
805 1818 1053 1872 attollite.
1101 1819 1275 1871 Nullo
1313 1815 1611 1892 impensius
1626 1835 1807 1891 operae

198 1904 380 1976 pretio
398 1894 666 1951 Coelestes
687 1895 868 1950 Aulici
886 1911 1062 1948 rerum
1084 1897 1495 1967 Naturae,atque
1513 1893 1810 1948 hominum

197 1975 488 2052 praesertim
504 1971 840 2027 securitatem
858 1986 1078 2025 tuentur
1093 2009 1110 2036 ,
1149 1975 1205 2024 &
1227 1970 1460 2026 fulciunt
1476 2011 1491 2036 ,
1512 1971 1682 2043 quain
1706 1971 1810 2023 im—

201 2050 438 2128 pulsu,&
456 2047 808 2104 converfione
827 2044 1155 2103 Coelestium
1173 2049 1407 2102 Orbium
1426 2043 1814 2111 incitatiffimz‘i,

203 2138 327 2205 quae
345 2145 529 2184 tamen
548 2125 620 2181 ad
639 2141 927 2180 numerum
944 2163 961 2191 ,
999 2123 1269 2199 tantaque
1284 2120 1620 2178 dimensione
1638 2119 1812 2177 confi-

202 2211 343 2275 citur
360 2243 377 2272 ,
413 2220 477 2257 ut
495 2199 884 2272 jucundiffimo
899 2217 1169 2255 concentu
1200 2198 1407 2254 nostras
1421 2202 1589 2254 etiam
1605 2197 1812 2253 detine-

205 2296 287 2339 ret
305 2300 457 2336 aures
474 2318 490 2346 ,
531 2276 628 2332 nisi
646 2278 841 2332 harum
860 2275 1136 2332 hebetudo
1154 2278 1289 2330 tanti
1314 2275 1516 2330 sonitus
1538 2277 1815 2348 magnitu-

203 2359 331 2415 dine
363 2359 666 2412 vinceretur
683 2399 698 2410 .
730 2358 864 2431 Jam
905 2352 1032 2409 veto
1067 2350 1098 2407 a
1121 2351 1430 2407 beatisfimo
1447 2354 1547 2407 illo
1573 2349 1814 2406 coelestis

202 2438 397 2496 Patriae
416 2430 703 2490 Proscenio
734 2435 789 2485 in
810 2436 1043 2486 Terram
1077 2446 1364 2485 revocatos
1379 2431 1599 2483 animos
1624 2429 1682 2482 in
1697 2446 1814 2484 am-

202 2510 444 2588 pliffima
462 2509 735 2565 Catholici
756 2510 923 2582 Regis
947 2512 1140 2581 Regna
1173 2504 1401 2579 defigite
1422 2547 1434 2559 .
1475 2508 1597 2560 Tot
1635 2509 1816 2578 Popu-

209 2593 294 2650 los
310 2607 423 2647 non
437 2585 555 2652 tam
572 2584 760 2661 lingua
783 2624 800 2656 ‚
838 2585 1013 2661 quam
1029 2578 1251 2645 morum
1281 2579 1585 2643 diversitate
1610 2578 1817 2713 gliscet·

1656 2676 1706 2713 es
1717 2695 1739 2726 ‚
