2002 3006
1707 175 1725 211 1
1751 174 1774 212 1

165 230 262 287 des
282 250 297 300 ;
315 248 398 288 tot
434 233 723 305 Regiones,
741 229 1167 287 vaffiffimorum
1202 232 1448 289 Marium
1478 233 1770 299 interjectu,

162 305 559 364 disterminatas
576 328 590 376 5
608 309 719 362 tam
742 305 965 363 effusam
989 309 1410 375 Provinciatum‚
1427 313 1774 380 Regnorum-

158 383 268 459 que
292 388 574 441 laxitatem
598 423 613 450 ‚
650 384 856 460 ubique
876 389 1063 441 animo
1081 383 1305 461 praesens
1327 390 1588 443 CARoLuS
1619 388 1770 448 tanta

155 461 363 517 consilii
385 465 695 518 maturitate
713 501 728 528 ,
748 461 898 517 tantci
918 464 1138 538 Imperii
1161 461 1541 518 moderatione
1560 481 1773 537 tempe-

148 542 285 593 ravit
305 579 319 603 ,
339 558 506 612 atque
527 542 833 606 conjunxit,
853 558 931 606 ut,
952 540 990 594 fi
1008 541 1262 612 gentium
1283 541 1447 613 longe
1464 537 1771 598 diffir'arum

147 619 600 689 tranquillitatem
619 654 634 680 ‚
655 613 823 670 ficiem
844 656 858 677 ,
886 612 1241 672 concordiam
1262 633 1574 690 reputemus
1594 656 1609 682 ‚
1630 617 1769 673 nihil

143 690 384 758 ejusdem
431 696 635 765 Regnis
670 691 1028 766 supernorum
1073 693 1308 748 Orbium
1346 696 1635 749 concentui
1668 698 1763 749 in„

143 773 325 823 Terris
347 769 497 824 fuiffe
518 768 745 823 fimilius
768 768 1063 837 fateamur,
1082 769 1285 825 necesse
1307 769 1372 824 fit
1387 813 1398 824 .
1446 774 1764 844 Occupat&

139 861 324 901 autem
346 846 432 901 hic
457 849 615 901 liceat
636 845 791 911 mihi,
808 847 962 919 quod
982 866 1080 902 vos
1096 846 1284 902 contra
1305 847 1468 902 tacita
1486 887 1501 913 ‚
1525 864 1584 902 ut
1600 847 1764 925 suspi-

136 942 229 977 cor
247 962 262 988 ‚
281 925 616 995 cogitatione
638 920 867 978 statuitis
889 968 901 979 .
919 922 1200 1001 Qorsum
1217 925 1365 979 enim
1386 921 1545 979 istam
1582 924 1612 978 a
1632 944 1757 983 me).

135 1001 315 1068 jastan
332 1002 792 1073 tranquillitatem
813 1004 1136 1072 Regnorum
1156 1039 1172 1066 ,
1194 1018 1338 1075 quae,
1354 1020 1450 1075 per
1470 1019 1637 1057 omne
1653 1001 1760 1064 fet·-

134 1079 224 1131 me
243 1093 458 1151 tempus
476 1075 868 1149 impeditiffimi
890 1076 1456 1152 Principatus,affidua
1472 1080 1753 1136 Bellorum

131 1151 385 1208 incendia
406 1170 500 1208 aut
522 1157 746 1220 alerent,
765 1170 859 1209 aut
876 1151 1231 1211 sustinerent?
1277 1154 1485 1210 Verum
1503 1154 1651 1212 hunc
1669 1159 1751 1231 ip-

126 1230 247 1286 sum
270 1249 376 1304 ego
395 1233 581 1286 locum
600 1230 854 1304 petebam
871 1270 888 1297 ‚
923 1249 1094 1306 quem
1116 1229 1464 1306 scopulosum
1500 1231 1748 1292 fortaffc)

126 1309 334 1381 aliqui,
354 1324 521 1381 atque
542 1304 848 1374 difficilem,
866 1326 974 1382 ego
992 1306 1598 1383 explicatiffimumefl'e
1615 1331 1744 1367 cen·

124 1381 215 1439 seo
233 1427 245 1438 .
262 1383 531 1460 Qinimo
552 1382 729 1440 videte
750 1387 1150 1459 ingenuitatem
1170 1403 1355 1441 meam
1372 1425 1390 1453 ,
1422 1389 1518 1459 qui
1540 1386 1749 1462 impor-'

123 1477 283 1516 tunas
305 1464 425 1516 illas
444 1459 688 1527 hostium
710 1460 1035 1519 incursiones
1051 1501 1068 1527 ,
1103 1459 1344 1526 finistros
1378 1465 1501 1525 illos
1532 1466 1746 1522 Praelio-

120 1556 246 1593 rum
264 1554 520 1604 eventus·‚
562 1540 681 1592 illas
701 1535 906 1612 ubique
923 1536 1278 1612 grassantium
1296 1558 1579 1604 armorum
1597 1545 1741 1611 inju-

118 1616 223 1669 rias
237 1633 349 1670 non
369 1613 544 1671 modo
565 1613 700 1671 nihil
717 1613 1190 1683 diflimulatas,aut
1208 1617 1532 1679 imminutas
1550 1621 1737 1686 velim,

117 1688 333 1747 sediliis
355 1690 501 1747 ultro
519 1690 846 1765 adjungam,
870 1695 1073 1747 Aulam
1090 1693 1245 1755 nulla
1281 1696 1465 1752 laetam
1498 1694 1740 1772 suscepta

114 1766 303 1826 sobole
321 1806 338 1834 ,
379 1784 617 1823 teneram
636 1767 965 1842 plerumque
988 1771 1153 1844 Regis
1168 1786 1383 1826 aetatem
1399 1809 1415 1836 ,
1461 1773 1600 1833 vires
1617 1792 1736 1835 cor-

113 1846 263 1918 poris
279 1844 582 1902 imbecillas
600 1884 616 1913 ,
634 1843 1005 1904 valetudinem
1025 1864 1138 1904 non
1159 1842 1412 1910 affestam
1433 1848 1626 1915 modo,
1643 1849 1737 1912 sed.

113 1917 455 1981 validiffimis
475 1923 795 1979 morborum
815 1919 1244 1995 aggreffionibus
1263 1923 1384 1999 sepe
1398 1924 1733 1994 concussam,

110 1997 320 2072 semper
338 1997 641 2053 obnoxiam
676 2040 689 2053 .
733 1995 893 2066 ,Estne
926 2014 987 2058 ut
1005 1996 1314 2073 quidquam
1334 2000 1365 2055 ὲ
1387 2019 1476 2057 me
1504 2004 1560 2058 in
1574 2019 1730 2061 tam-2

107 2073 331 2134 adversa
355 2077 523 2148 Regis
541 2072 858 2129 conditione
878 2093 969 2135 aut
994 2077 1192 2137 callide
1213 2081 1556 2135 occultatum
1574 2119 1590 2147 ,
1630 2098 1731 2143 aut:

107 2149 298 2207 dolose
321 2151 727 2227 praetermiffum
751 2153 990 2226 putetis?
1039 2158 1201 2227 Agite
1235 2154 1364 2210 vero
1381 2194 1397 2222 ,
1442 2160 1499 2212 &
1533 2161 1728 2230 quales

106 2246 203 2285 vos
217 2228 318 2282 effe
336 2227 482 2284 haud
501 2227 793 2290 obscurum
811 2227 991 2283 habeo
1011 2266 1024 2292 ‚
1068 2228 1255 2303 aequos
1284 2251 1462 2288 rerum
1494 2232 1724 2292 aestima-

106 2321 248 2359 tores
275 2305 407 2358 mihi
432 2320 524 2358 vos
541 2304 629 2359 hic
646 2304 981 2360 exhiberem
1002 2306 1150 2367 tanta
1177 2311 1343 2363 totius
1360 2313 1586 2381 Europae
1605 2315 1721 2387 agi·-

106 2385 312 2437 tatione
328 2419 345 2445 ,
374 2383 431 2435 in
450 2381 562 2434 tam
586 2379 854 2456 frequenti
877 2382 1196 2438 bellicorum
1216 2400 1514 2441 eventuum
1530 2386 1721 2448 adver-

103 2456 276 2522 ficate,
294 2464 346 2517 iu
365 2474 448 2512 tot
465 2461 697 2531 acceptis
716 2456 980 2527 cladibu5‚
1005 2463 1059 2514 δι
1081 2459 1460 2516 munitissimis
1479 2462 1720 2525 Urbibus

106 2533 175 2595 ab
187 2533 433 2596 hostibus
446 2554 512 2623 ‘²3³
514 2538 774 2611 pugnatis
789 2574 807 2604 ‚
827 2555 947 2612 quae
964 2553 1119 2597 mens
1136 2536 1475 2608 subditarum
1496 2542 1720 2619 Geumi,

1517 2635 1641 2695 quae
